@Book{курячий2010,
  author    = {Курячий, Георгий and Маслинский, Кирилл},
  publisher = {ДМК Пресс},
  title     = {Операционная система Linux. Курс лекций},
  year      = {2010},
  address   = {Москва},
  note      = {480 С.},
}

@Book{кетов2021,
  author    = {Кетов, Дмитрий Владимирович},
  publisher = {БХВ-Петербург},
  title     = {Внутреннее устройство Linux. 2-е изд,. перераб. и доп.},
  year      = {2021},
  address   = {СПб},
  note      = {400 С.},
}

@Comment{jabref-meta: databaseType:bibtex;}
